@online{Harvard,
  author = {Patrick J. Skerrett, Former Executive Editor, Harvard Health},
  title = {{Americans lag on exercise} Kernel Description},
  year = 2010,
  url = {https://www.health.harvard.edu/blog/americans-lag-on-exercise-20101006590},
  urldate = {2010-10-06}
}

@article{Mokdad,
    Author = {Mokdad AH, Marks JS, Stroup DF, Gerberding JL.},
    Journal = JAMA,
    Title = {Actual causes of death in the United States, 2000},
    Volume = {1},
    Year = {2005},
    Pages = {293}