
@website{web1,
  title={iBlueButton},
  url={https://www.railstutorial.org/book\newline}
}
@website{web2,
  title={helpful info},
  url={https://www.w3schools.com/}
}
@website{web3,
  title={helpful info},
  url={https://github.com/}
}
@website{web4,
  title={helpful info},
  url={http://www.beyondorganic.net/dri-calculator.html}
}
@website{web5,
  title={helpful info},
  url={http://getbootstrap.com/}
}
