@misc{website:facebook,
      title = "Facebook",
      month = "February ",
      year = "2018",
      URL = "http://www.facebook.com",
}